@article{martins2019automaccao,
  title={Automa{\c{c}}{\~a}o residencial usando protocolo MQTT, Node-RED e Mosquitto Broker com ESP32 e ESP8266},
  author={Martins, Victor Ferreira and others},
  year={2019},
  publisher={Universidade Federal de Uberl{\^a}ndia}
}

@article{fernandes2019desenvolvimento,
	title={Desenvolvimento de plataformas embarcadas aplicadas a implementa{\c{c}}{\~a}o de smart buildings com base no framework SmartLVGrid},
	author={Fernandes, Rubens de Andrade and others},
	year={2019},
	publisher={Universidade do Estado do Amazonas}
}

@article{magalhaes2011automaccao,
	title={Automa{\c{c}}{\~a}o e controle em sistema de aproveitamento de {\'a}gua de chuva para fins não pot{\'a}veis},
	author={Magalhaes, Lilia Rodrigues Lucas},
	year={2011}
}

@article{de2017sistema,
	title={Sistema Automatizado de Controle de Abasteci-mento de {\'A}gua Proveniente de Po{\c{c}}os Artesianos com Monitoramento Remoto},
	author={de Oliveira, Adailton Medeiros Rodrigues and Cavalcanti, Gustavo Oliveira},
	journal={Revista de Engenharia e Pesquisa Aplicada},
	volume={2},
	number={2},
	year={2017}
}

@article{froiz2018design,
	title={Design, implementation and practical evaluation of an IoT home automation system for fog computing applications based on MQTT and ZigBee-WiFi sensor nodes},
	author={Froiz-M{\'\i}guez, Iv{\'a}n and Fern{\'a}ndez-Caram{\'e}s, Tiago M and Fraga-Lamas, Paula and Castedo, Luis},
	journal={Sensors},
	volume={18},
	number={8},
	pages={2660},
	year={2018},
	publisher={Multidisciplinary Digital Publishing Institute}
}

@book{gonzalez2015embedded,
	title={Embedded Linux Projects Using Yocto Project Cookbook},
	author={Gonz{\'a}lez, Alex},
	year={2015},
	publisher={Packt Publishing Ltd}
}

@book{redeswireless,
	title={Redes Wireless},
	author={Fabíola Ventavoli, Marco Ricanello},
	year={2014},
	publisher={Fabíola Ventavoli; 2º edição (19 novembro 2014)}
}

@book{internetdascoisassemmisterios,
	title={internet das Coisas Sem Mistérios: Uma nova inteligência para os negócios},
	author={Renata Rampim de Freitas Dias},
	year={2016},
	publisher={NETPRESS BOOKS}
}

@book{ACS712,
	title={ACS712 - Fully Integrated, Hall-Efect-Based Liner Current Sensor IC with 2.1 kVRMS Isolation and Low-Resistance Current Conductor},
	author={Allegro Microsystems},
	year={2020},
	publisher={Allegro}
}

@misc{BizMeet,
	title={Gartner aponta tendências estratégicas para 2017 na área de TI},
	url={http://news.bizmeet.com.br/},
	organization={BizMeet},
	urlaccessdate={17 set. 2020},
	year={2017}
}

@misc{Chromium,
	title={Chrome on Windows performance improvements and the journey of Native Window Occlusion},
	url={https://blog.chromium.org/},
	organization={Chromium.org},
	urlaccessdate={17 set. 2021},
	year={2021}
}


@misc{Electron,
	title={Quick Start},
	url={https://www.electronjs.org/docs/latest/tutorial/quick-start},
	organization={electronjs.org},
	urlaccessdate={17 set. 2021},
	year={2021}
}

@misc{React,
	title={O que é React?},
	url={https://kenzie.com.br/blog/react/},
	organization={kenzie.com.br},
	urlaccessdate={17 set. 2021},
	year={2021}
}

@misc{React-native,
	title={O que é o React Native?},
	url={https://www.treinaweb.com.br/blog/o-que-e-o-react-native/},
	organization={treinaweb.com.br},
	urlaccessdate={17 set. 2021},
	year={2021}
}

@misc{Figma,
	title={Figma Wants Designers to Collaborate Google-Docs Style},
	url={https://www.wired.com/story/figma-updates/},
	organization={wired.com},
	urlaccessdate={17 set. 2021},
	year={2021}
}

@misc{NodeJs,
	title={Node.js: quem já utiliza a tecnologia (e aprova)?},
	url={https://blog.umbler.com/br/node-js-quem-ja-utiliza-a-tecnologia-e-aprova/},
	organization={umbler.com},
	urlaccessdate={17 set. 2021},
	year={2021}
}


@misc{fabiobrandao,
	title={O que é MQTT},
	url={https://fabiobrandao.net.br/blog/tecnologia/o-que-e-mqtt/},
	organization={FabioBrandao},
	urlaccessdate={02 set. 2021},
	year={2019}
}

@misc{mntolia,
	title={Mensagens retidas MQTT explicadas},
	url={https://mntolia.com/mqtt-retained-messages-explained-example/},
	organization={mntolia.com},
	urlaccessdate={02 set. 2021},
	year={2019}
}

@misc{esp8266,
	title={About ESP8266},
	url={http://esp8266.net/},
	organization={esp8266.net},
	urlaccessdate={02 set. 2021},
	year={2021}
}


@misc{IBM,
	title={Conhecendo o MQTT},
	url={https://developer.ibm.com/br/articles/iot-mqtt-why-good-for-iot/},
	organization={IBM},
	urlaccessdate={02 set. 2021},
	year={2019}
}

@misc{UFRJ,
	title={Conhecendo o MQTT},
	url={https://www.gta.ufrj.br/ensino/eel878/redes1-2018-1/trabalhos-vf/mqtt/},
	organization={UFRJ},
	urlaccessdate={02 set. 2021},
	year={2019}
}

@misc{Kicad,
	title={About Kicad},
	url={https://www.kicad.org/about/kicad/},
	organization={Kicad},
	urlaccessdate={02 dez. 2021},
	year={2021}
}

@misc{opensource,
	title={What is Linux?},
	url={https://opensource.com/resources/linux},
	organization={OpenSource},
	urlaccessdate={02 dez. 2021},
	year={2021}
}

@misc{ElectronicsTutorials,
	title={Hall Effect Sensor},
	url={https://www.electronics-tutorials.ws/electromagnetism/hall-effect.html},
	organization={ElectronicsTutorials},
	urlaccessdate={17 set. 2021},
	year={2021}
}

@misc{Embarcados,
	title={Apresentando o módulo ESP8266},
	url={https://www.embarcados.com.br/modulo-esp8266/},
	organization={Embarcados},
	urlaccessdate={19 nov. 2021},
	year={2015}
}

@misc{Hyperphysics,
	title={Hall Efect},
	url={http://hyperphysics.phy-astr.gsu.edu/hbase/magnetic/Hall.html},
	organization={Hyperphysics},
	urlaccessdate={01 dez. 2021},
	year={2021}
}

@misc{SoftwareLivre,
	title={O que é Linux Embarcado},
	url={https://softwarelivre.blog.br/2014/05/24/o-que-e-linux-embarcado/},
	organization={SoftwareLivre},
	urlaccessdate={01 dez. 2021},
	year={2021}
}


@misc{Citisystems,
	title={Como funciona a válvula solenoide e quais seus tipos?},
	url={https://www.citisystems.com.br/valvula-solenoide/},
	organization={Citisystems},
	urlaccessdate={30 nov. 2021},
	year={2017}
}

@misc{SmartSoluctionsForHome,
	title={How to program an ESP8266 - With and Without Arduino},
	url={https://smartsolutions4home.com/how-to-program-esp8266/},
	organization={Smart Soluctions For Home},
	urlaccessdate={21 nov. 2021},
	year={2020}
}

@misc{FernandoK,
	title={NodeMCU ESP8266: Detalhes e Pinagem},
	url={https://www.fernandok.com/2018/05/nodemcu-esp8266-detalhes-e-pinagem.html},
	organization={Fernando K},
	urlaccessdate={19 nov. 2021},
	year={2019}
}

@article{boylestad2004dispositivos,
	title={Dispositivos eletr{\^o}nicos},
	author={Boylestad, Robert L and Nashelsky, L and Hall, Prentice and Sedra, AS and Smith, KC},
	journal={Editora: Person Education do Brasil Ltda},
	year={2004}
}

@misc{yocto,
	title={The yocto project.  it's not an embedded linux distribution,
	it creates a custom one for you.},
	url={https://www.yoctoproject.org/},
	organization={YoctoProject},
	urlaccessdate={20 set. 2020}
}

@misc{globo,
	title={Quase 40% da água potável no Brasil é desperdiçada, aponta levantamento do Instituto Trata Brasil},
	url={https://g1.globo.com/natureza/noticia/2021/05/31/quase-40percent-da-agua-potavel-no-brasil-e-desperdicada-aponta-levantamento-do-instituto-trata-brasil.ghtml},
	organization={globo.com},
	year={2021},
	urlaccessdate={20 set. 2020}
}
@Article{Perera2014,
	author    = {Charith Perera and Chi Harold Liu and Srimal Jayawardena and Min Chen},
	title     = {A Survey on Internet of Things From Industrial Market Perspective},
	journal   = {{IEEE} Access},
	year      = {2014},
	volume    = {2},
	pages     = {1660--1679},
	doi       = {10.1109/access.2015.2389854},
	publisher = {Institute of Electrical and Electronics Engineers ({IEEE})},
}
