%%
%% WinShell 3.3.1.5
%% http://www.winshell.org/
%%

% Strings


% Preamble


% BibTeX Entries
@article{gomes2019smartlvgrid,
  title={SmartLVGrid Platform—Convergence of Legacy Low-Voltage Circuits toward the Smart Grid Paradigm},
  author={Gomes, R Claudio S and Costa, Carlos and Silva, Jose and Sicchar, Jose},
  journal={Energies},
  volume={12},
  number={13},
  pages={2590},
  year={2019},
  publisher={Multidisciplinary Digital Publishing Institute}
}

  @misc{ToradexData,
  title={Datasheet Colibri iMX6ULL},
  author={Toradex},
  year={2019}
  }
  
   @misc{dataISO,
  title={Datasheet Si8660/61/62/63},
  author={Silicon Labs},
  year={2019}
  }
  
 @inproceedings{xiangrong2006low,
  title={Low cost electronic ballast with buck converter as PFC stage},
  author={Xiangrong, Li and Dianguo, Xu and Xiangjun, Zhang},
  booktitle={2006 CES/IEEE 5th International Power Electronics and Motion Control Conference},
  volume={1},
  pages={1--5},
  year={2006},
  organization={IEEE}
}
 @article{semiconductor2007power,
  title={Power factor correction handbook},
  author={Semiconductor, ON},
  journal={HBD853/D, Rev},
  volume={3},
  year={2007}
}

@article{shahnia2014voltage,
  title={Voltage unbalance reduction in low voltage feeders by dynamic switching of residential customers among three phases},
  author={Shahnia, Farhad and Wolfs, Peter J and Ghosh, Arindam},
  journal={IEEE Transactions on Smart Grid},
  volume={5},
  number={3},
  pages={1318--1327},
  year={2014},
  publisher={IEEE}
}
 @misc{ADE9000,
	author               = {Mouser},
	title                = {Analog Devices Inc. ADE9000 AFEs},
	url                  = {https://br.mouser.com/new/Analog-Devices/adi-ade9000-afe/},
    year={2019},
	access				 = {27 de outubro de 2019 às 21:17}
} 
@misc{medidor,
	author               = {Aclara},
	title                = {I-210+ and I-210+c},
	url                  = {https://www.aclara.com/products-and-services/smart-meters/ansi-residential/i-210-and-i-210c/},
	year                 = {2019},
	access				 = {03 de junho de 2019 às 13:15}
} 

@article{samimi2013review,
  title={A Review on the Rogowski Coil Principles and Applications},
  author={Samimi, Mohammad Hamed and Mahari, Arash and Farahnakian, Mohammad Ali and Mohseni, Hossein},
  journal={measurements},
  volume={4},
  pages={5},
  year={2013}
}

@book{alexander2013fundamentos,
  title={Fundamentos de circuitos el{\'e}tricos},
  author={Alexander, Charles K and Sadiku, Matthew NO},
  year={2013},
  publisher={AMGH Editora}
}

@inproceedings{gomes,
  title={Automation meta-system applied to smart grid convergence of low voltage distribution legacy grids},
  author={Gomes, Raimundo Cl{\'a}udio Souza and da Costa, Carlos Tavares and Silva, Jos{\'e} Reinaldo and da Silva, Paula Renatha Nunes},
  booktitle={2017 IEEE International Conference on Smart Energy Grid Engineering (SEGE)},
  pages={400--413},
  year={2017},
  organization={IEEE}
}

@article{miceli-2013aperspective,
  author= "R.Miceli and S. Favuzza and F. Genduso",
  title= "A Perspective on the Future of Distribution: Smart Grids, State of the Art, Benefits and Research Plans.",
   journal= "Energy and Power Engineering",
  vol= "5",
  pages="36--42",
  year=2013
}
 
 @article{hoy2016smart,
  title={Smart buildings: an introduction to the library of the future},
  author={Hoy, Matthew B},
  journal={Medical reference services quarterly},
  volume={35},
  number={3},
  pages={326--331},
  year={2016},
  publisher={Taylor \& Francis}
}
 
 @misc{proconcept,
	author               = {ProConcept},
	title                = {IoT: conectando o mundo físico ao mundo digital},
	url                  = {https://www.proconcept.com.br/2018/09/10/iot-conectando-o-mundo-fisico-ao-mundo-digital/},
	year                 = {2019},
	access				 = {21 de junho de 2019 às 15:35}
}

@inproceedings{fernandes2018implementation,
  title={Implementation of a Buck Converter with Hysteresis Voltage Control Applied to LED Chip Array Package for Street Lighting},
  author={Fernandes, Rubens de Andrade and Guimar{\~a}es, Walter Prado de Souza}
  booktitle={2018 Argentine Conference on Automatic Control (AADECA)},
  pages={1--6},
  year={2018},
  organization={IEEE}
}
@misc{EC,
	author               = {EuropeanComission},
	title                = {Smart Building: Energy efficiency application},
	url                  = {https://ec.europa.eu/growth/tools-databases/dem/monitor/sites/default/files/DTM_Smart%20building%20-%20energy%20efficiency%20v1.pdf},
	year                 = {2017},
	access				 = {03 de junho de 2019 às 09:25}
}

 @misc{medidor,
	author               = {Aclara},
	title                = {I-210+ and I-210+c},
	url                  = {https://www.aclara.com/products-and-services/smart-meters/ansi-residential/i-210-and-i-210c/},
	year                 = {2019},
	access				 = {03 de junho de 2018 às 13:15}
} 
